%YAML 1.1
%TAG !u! tag:unity3d.com,2011:
--- !u!1 &2366108585157080267
GameObject:
  m_ObjectHideFlags: 0
  m_CorrespondingSourceObject: {fileID: 0}
  m_PrefabInstance: {fileID: 0}
  m_PrefabAsset: {fileID: 0}
  serializedVersion: 6
  m_Component:
  - component: {fileID: 2366108585157080263}
  - component: {fileID: 2366108585157080260}
  - component: {fileID: 2366108585157080261}
  - component: {fileID: 2366108585157080266}
  - component: {fileID: 2366108585157080256}
  - component: {fileID: 2366108585157080257}
  - component: {fileID: 2366108585157080262}
  - component: {fileID: 2366108585157080259}
  m_Layer: 0
  m_Name: helmet
  m_TagString: Untagged
  m_Icon: {fileID: 0}
  m_NavMeshLayer: 0
  m_StaticEditorFlags: 0
  m_IsActive: 1
--- !u!4 &2366108585157080263
Transform:
  m_ObjectHideFlags: 0
  m_CorrespondingSourceObject: {fileID: 0}
  m_PrefabInstance: {fileID: 0}
  m_PrefabAsset: {fileID: 0}
  m_GameObject: {fileID: 2366108585157080267}
  m_LocalRotation: {x: -0.000000004656613, y: -0.00000027899193, z: -0.000000013016051, w: 1}
  m_LocalPosition: {x: -0, y: -0.106, z: -0.04}
  m_LocalScale: {x: 1, y: 1, z: 1}
  m_Children:
  - {fileID: 2836320284811822104}
  m_Father: {fileID: 0}
  m_RootOrder: 0
  m_LocalEulerAnglesHint: {x: 0, y: 0, z: 0}
--- !u!65 &2366108585157080260
BoxCollider:
  m_ObjectHideFlags: 0
  m_CorrespondingSourceObject: {fileID: 0}
  m_PrefabInstance: {fileID: 0}
  m_PrefabAsset: {fileID: 0}
  m_GameObject: {fileID: 2366108585157080267}
  m_Material: {fileID: 0}
  m_IsTrigger: 0
  m_Enabled: 0
  serializedVersion: 2
  m_Size: {x: 0.042046666, y: 0.380097, z: 0.7623459}
  m_Center: {x: 0.27589434, y: 0.024951503, z: -0.028827012}
--- !u!65 &2366108585157080261
BoxCollider:
  m_ObjectHideFlags: 0
  m_CorrespondingSourceObject: {fileID: 0}
  m_PrefabInstance: {fileID: 0}
  m_PrefabAsset: {fileID: 0}
  m_GameObject: {fileID: 2366108585157080267}
  m_Material: {fileID: 0}
  m_IsTrigger: 0
  m_Enabled: 0
  serializedVersion: 2
  m_Size: {x: 0.03657782, y: 0.3722709, z: 0.78999865}
  m_Center: {x: -0.29220468, y: 0.028864548, z: -0.015000641}
--- !u!65 &2366108585157080266
BoxCollider:
  m_ObjectHideFlags: 0
  m_CorrespondingSourceObject: {fileID: 0}
  m_PrefabInstance: {fileID: 0}
  m_PrefabAsset: {fileID: 0}
  m_GameObject: {fileID: 2366108585157080267}
  m_Material: {fileID: 0}
  m_IsTrigger: 0
  m_Enabled: 0
  serializedVersion: 2
  m_Size: {x: 0.54, y: 0.0768424, z: 0.82}
  m_Center: {x: 0, y: 0.1765788, z: 0}
--- !u!65 &2366108585157080256
BoxCollider:
  m_ObjectHideFlags: 0
  m_CorrespondingSourceObject: {fileID: 0}
  m_PrefabInstance: {fileID: 0}
  m_PrefabAsset: {fileID: 0}
  m_GameObject: {fileID: 2366108585157080267}
  m_Material: {fileID: 0}
  m_IsTrigger: 0
  m_Enabled: 0
  serializedVersion: 2
  m_Size: {x: 0.54, y: 0.38668975, z: 0.042932987}
  m_Center: {x: 0, y: 0.021655127, z: -0.35281348}
--- !u!65 &2366108585157080257
BoxCollider:
  m_ObjectHideFlags: 0
  m_CorrespondingSourceObject: {fileID: 0}
  m_PrefabInstance: {fileID: 0}
  m_PrefabAsset: {fileID: 0}
  m_GameObject: {fileID: 2366108585157080267}
  m_Material: {fileID: 0}
  m_IsTrigger: 0
  m_Enabled: 0
  serializedVersion: 2
  m_Size: {x: 0.54, y: 0.3951703, z: 0.040813625}
  m_Center: {x: 0, y: 0.017414853, z: 0.35108033}
--- !u!54 &2366108585157080262
Rigidbody:
  m_ObjectHideFlags: 0
  m_CorrespondingSourceObject: {fileID: 0}
  m_PrefabInstance: {fileID: 0}
  m_PrefabAsset: {fileID: 0}
  m_GameObject: {fileID: 2366108585157080267}
  serializedVersion: 2
  m_Mass: 1
  m_Drag: 0
  m_AngularDrag: 0.05
  m_UseGravity: 1
  m_IsKinematic: 1
  m_Interpolate: 0
  m_Constraints: 0
  m_CollisionDetection: 0
--- !u!114 &2366108585157080259
MonoBehaviour:
  m_ObjectHideFlags: 0
  m_CorrespondingSourceObject: {fileID: 0}
  m_PrefabInstance: {fileID: 0}
  m_PrefabAsset: {fileID: 0}
  m_GameObject: {fileID: 2366108585157080267}
  m_Enabled: 1
  m_EditorHideFlags: 0
  m_Script: {fileID: 11500000, guid: 86f34027ec2d6484e967de2497e24beb, type: 3}
  m_Name: 
  m_EditorClassIdentifier: 
  rb: {fileID: 2366108585157080262}
  colliders:
  - {fileID: 2366108585157080260}
  - {fileID: 2366108585157080261}
  - {fileID: 2366108585157080266}
  - {fileID: 2366108585157080256}
  - {fileID: 2366108585157080257}
--- !u!1001 &2366108585786401779
PrefabInstance:
  m_ObjectHideFlags: 0
  serializedVersion: 2
  m_Modification:
    m_TransformParent: {fileID: 2366108585157080263}
    m_Modifications:
    - target: {fileID: -8679921383154817045, guid: 5fe88a5eeca69054cb400fa09fd0e0ae, type: 3}
      propertyPath: m_RootOrder
      value: 0
      objectReference: {fileID: 0}
    - target: {fileID: -8679921383154817045, guid: 5fe88a5eeca69054cb400fa09fd0e0ae, type: 3}
      propertyPath: m_LocalPosition.x
      value: 0
      objectReference: {fileID: 0}
    - target: {fileID: -8679921383154817045, guid: 5fe88a5eeca69054cb400fa09fd0e0ae, type: 3}
      propertyPath: m_LocalPosition.y
      value: 0
      objectReference: {fileID: 0}
    - target: {fileID: -8679921383154817045, guid: 5fe88a5eeca69054cb400fa09fd0e0ae, type: 3}
      propertyPath: m_LocalPosition.z
      value: 0
      objectReference: {fileID: 0}
    - target: {fileID: -8679921383154817045, guid: 5fe88a5eeca69054cb400fa09fd0e0ae, type: 3}
      propertyPath: m_LocalRotation.w
      value: 0
      objectReference: {fileID: 0}
    - target: {fileID: -8679921383154817045, guid: 5fe88a5eeca69054cb400fa09fd0e0ae, type: 3}
      propertyPath: m_LocalRotation.x
      value: 0
      objectReference: {fileID: 0}
    - target: {fileID: -8679921383154817045, guid: 5fe88a5eeca69054cb400fa09fd0e0ae, type: 3}
      propertyPath: m_LocalRotation.y
      value: -1
      objectReference: {fileID: 0}
    - target: {fileID: -8679921383154817045, guid: 5fe88a5eeca69054cb400fa09fd0e0ae, type: 3}
      propertyPath: m_LocalRotation.z
      value: 0
      objectReference: {fileID: 0}
    - target: {fileID: -8679921383154817045, guid: 5fe88a5eeca69054cb400fa09fd0e0ae, type: 3}
      propertyPath: m_LocalEulerAnglesHint.x
      value: 0
      objectReference: {fileID: 0}
    - target: {fileID: -8679921383154817045, guid: 5fe88a5eeca69054cb400fa09fd0e0ae, type: 3}
      propertyPath: m_LocalEulerAnglesHint.y
      value: -180
      objectReference: {fileID: 0}
    - target: {fileID: -8679921383154817045, guid: 5fe88a5eeca69054cb400fa09fd0e0ae, type: 3}
      propertyPath: m_LocalEulerAnglesHint.z
      value: 0
      objectReference: {fileID: 0}
    - target: {fileID: 919132149155446097, guid: 5fe88a5eeca69054cb400fa09fd0e0ae, type: 3}
      propertyPath: m_Name
      value: Helmet
      objectReference: {fileID: 0}
    m_RemovedComponents: []
  m_SourcePrefab: {fileID: 100100000, guid: 5fe88a5eeca69054cb400fa09fd0e0ae, type: 3}
--- !u!4 &2836320284811822104 stripped
Transform:
  m_CorrespondingSourceObject: {fileID: -8679921383154817045, guid: 5fe88a5eeca69054cb400fa09fd0e0ae, type: 3}
  m_PrefabInstance: {fileID: 2366108585786401779}
  m_PrefabAsset: {fileID: 0}
